<?xml version="1.0" encoding="UTF-8"?>
<collection xmlns:xsi="http://www.w3.org/2001/XMLSchema-instance" xsi:schemaLocation="http://www.loc.gov/MARC21/slim http://www.loc.gov/standards/marcxml/schema/MARC21slim.xsd" xmlns="http://www.loc.gov/MARC21/slim">
<record>
  <leader>00771cam a2200241   4500</leader>
  <controlfield tag="001">3063237</controlfield>
  <controlfield tag="003">NNC</controlfield>
  <controlfield tag="005">20130426014924.0</controlfield>
  <controlfield tag="008">890317s1948    ua            000 0 ara  </controlfield>
  <datafield tag="010" ind1=" " ind2=" ">
    <subfield code="a">ne 65001873 </subfield>
  </datafield>
  <datafield tag="025" ind1=" " ind2=" ">
    <subfield code="a">PL480:UAR-6013</subfield>
  </datafield>
  <datafield tag="035" ind1=" " ind2=" ">
    <subfield code="a">(OCoLC)ocm19380348</subfield>
  </datafield>
  <datafield tag="035" ind1=" " ind2=" ">
    <subfield code="9">ATN5032CU</subfield>
  </datafield>
  <datafield tag="035" ind1=" " ind2=" ">
    <subfield code="a">(NNC)3063237</subfield>
  </datafield>
  <datafield tag="040" ind1=" " ind2=" ">
    <subfield code="a">DLC</subfield>
    <subfield code="c">WAU</subfield>
    <subfield code="d">WAU</subfield>
    <subfield code="d">ZCU</subfield>
  </datafield>
  <datafield tag="099" ind1=" " ind2=" ">
    <subfield code="a">893.799</subfield>
    <subfield code="a">Sh1343</subfield>
  </datafield>
  <datafield tag="100" ind1="1" ind2=" ">
    <subfield code="a">Abū Zahrah, Muḥammad.</subfield>
  </datafield>
  <datafield tag="245" ind1="1" ind2="3">
    <subfield code="a">al-Shāfiʻī,</subfield>
    <subfield code="b">ḥayātuhu wa-ʻaṣruhu, ārāʾuhu wa-fiqhuh.</subfield>
    <subfield code="c">[Taʾlīf] Muḥammad Abū Zahrah.</subfield>
  </datafield>
  <datafield tag="250" ind1=" " ind2=" ">
    <subfield code="a">[al-Ṭabʻah al-thāniyah.]</subfield>
  </datafield>
  <datafield tag="260" ind1=" " ind2=" ">
    <subfield code="a">[al-Qāhirah]</subfield>
    <subfield code="b">Dār al-Fikr al-ʻArabī</subfield>
    <subfield code="c">[1948]</subfield>
  </datafield>
  <datafield tag="300" ind1=" " ind2=" ">
    <subfield code="a">388 p.</subfield>
    <subfield code="c">24 cm.</subfield>
  </datafield>
  <datafield tag="600" ind1="1" ind2="0">
    <subfield code="a">Shāfiʻī, Muḥammad ibn Idrīs,</subfield>
    <subfield code="d">767 or 768-820.</subfield>
  </datafield>
  <datafield tag="955" ind1=" " ind2=" ">
    <subfield code="b">0066043018</subfield>
    <subfield code="d">glx</subfield>
    <subfield code="e">893.799 Sh1343</subfield>
  </datafield>
</record>
</collection>